@Misc{Jia2022,
  author    = {Jia, Xi and Bartlett, Joseph and Chen, Wei and Song, Siyang and Zhang, Tianyang and Cheng, Xinxing and Lu, Wenqi and Qiu, Zhaowen and Duan, Jinming},
  title     = {Fourier-Net: Fast Image Registration with Band-limited Deformation},
  year      = {2022},
  copyright = {Creative Commons Attribution 4.0 International},
  doi       = {10.48550/ARXIV.2211.16342},
  file      = {:C\:/Users/janme/Universität/Master Medizinische Informatik/4. Semester/Masterarbeit/Literatur/0. Jia, XI, et al. 'Fourier-Net'.pdf:PDF},
  keywords  = {Computer Vision and Pattern Recognition (cs.CV), FOS: Computer and information sciences, FOS: Computer and information sciences},
  publisher = {arXiv},
}

@Misc{Jia2023,
  author    = {Jia, Xi and Thorley, Alexander and Gomez, Alberto and Lu, Wenqi and Kotecha, Dipak and Duan, Jinming},
  title     = {Fourier-Net+: Leveraging Band-Limited Representation for Efficient 3D Medical Image Registration},
  year      = {2023},
  copyright = {Creative Commons Attribution 4.0 International},
  doi       = {10.48550/ARXIV.2307.02997},
  file      = {:C\:/Users/janme/Universität/Master Medizinische Informatik/4. Semester/Masterarbeit/Literatur/2. Jia, Xi, et al. 'Fourier-Net+. Leveraging Band-Limited Representation for Efficient 3D Medical Image Registration'.pdf:PDF},
  keywords  = {Image and Video Processing (eess.IV), Computer Vision and Pattern Recognition (cs.CV), FOS: Electrical engineering, electronic engineering, information engineering, FOS: Electrical engineering, electronic engineering, information engineering, FOS: Computer and information sciences, FOS: Computer and information sciences},
  publisher = {arXiv},
}

@InProceedings{Jia2023a,
  author    = {Jia, Xi and Bartlett, Joseph and Chen, Wei and Song, Siyang and Zhang, Tianyang and Cheng, Xinxing and Lu, Wenqi and Qiu, Zhaowen and Duan, Jinming},
  booktitle = {Proceedings of the AAAI Conference on Artificial Intelligence},
  title     = {Fourier-Net: Fast Image Registration with Band-Limited Deformation},
  year      = {2023},
  number    = {1},
  pages     = {1015--1023},
  volume    = {37},
  comment   = {Use this reference for Fourier Net!},
  file      = {:C\:/Users/janme/Universität/Master Medizinische Informatik/4. Semester/Masterarbeit/Literatur/0. Jia, XI, et al. 'Fourier-Net'.pdf:PDF},
}

@Comment{jabref-meta: databaseType:bibtex;}
